<?xml version="1.0" encoding="UTF-8"?>
<record xmlns="http://www.loc.gov/MARC21/slim" xmlns:xsi="http://www.w3.org/2001/XMLSchema-instance" xsi:schemaLocation="http://www.loc.gov/MARC21/slim http://www.loc.gov/standards/marcxml/schema/MARC21slim.xsd">
<leader>00000cam a22      i 4500</leader>
<controlfield tag="001">001678168</controlfield>
<controlfield tag="003">NNU</controlfield>
<controlfield tag="005">20150803161157.0</controlfield>
<controlfield tag="008">990404m19339999sy ac         000 0 araod</controlfield>
<datafield tag="035" ind1=" " ind2=" ">
<subfield code="a">(OCoLC)41100458</subfield>
</datafield>
<datafield tag="040" ind1=" " ind2=" ">
<subfield code="a">CGU</subfield>
<subfield code="b">eng</subfield>
<subfield code="c">CGU</subfield>
<subfield code="d">OCLCG</subfield>
<subfield code="d">LGG</subfield>
<subfield code="d">OCLCF</subfield>
<subfield code="d">OCLCQ</subfield>
<subfield code="d">NNU</subfield>
</datafield>
<datafield tag="050" ind1=" " ind2="4">
<subfield code="a">DS79.5</subfield>
<subfield code="b">.H36 1933</subfield>
</datafield>
<datafield tag="100" ind1="1" ind2=" ">
<subfield code="6">880-01</subfield>
<subfield code="a">Ḥamādah, Muḥammad ʻĀbidīn.</subfield>
</datafield>
<datafield tag="245" ind1="1" ind2="0">
<subfield code="6">880-02</subfield>
<subfield code="a">Fayṣal ibn al-Ḥusayn min al-mahd ilá al-laḥd :</subfield>
<subfield code="b">sijil ʻāmm li-tārīkh al-Qaḍīyah al-ʻArabīyah wa-taṭawwurātihā /</subfield>
<subfield code="c">waḍʻ wa-taʼlīf Muḥammad ʻĀbidīn Ḥamādah [wa] Muḥammad Taysīr Ẓabyān.</subfield>
</datafield>
<datafield tag="260" ind1=" " ind2=" ">
<subfield code="6">880-03</subfield>
<subfield code="a">Dimashq :</subfield>
<subfield code="b">al-Maṭbaʻah al-ʻAṣrīyah,</subfield>
<subfield code="c">1933-</subfield>
</datafield>
<datafield tag="300" ind1=" " ind2=" ">
<subfield code="a">volumes :</subfield>
<subfield code="b">illustrations, portraits ;</subfield>
<subfield code="c">23 cm</subfield>
</datafield>
<datafield tag="336" ind1=" " ind2=" ">
<subfield code="a">text</subfield>
<subfield code="b">txt</subfield>
<subfield code="2">rdacontent</subfield>
</datafield>
<datafield tag="337" ind1=" " ind2=" ">
<subfield code="a">unmediated</subfield>
<subfield code="b">n</subfield>
<subfield code="2">rdamedia</subfield>
</datafield>
<datafield tag="338" ind1=" " ind2=" ">
<subfield code="a">volume</subfield>
<subfield code="b">nc</subfield>
<subfield code="2">rdacarrier</subfield>
</datafield>
<datafield tag="600" ind1="0" ind2="0">
<subfield code="a">Faysal</subfield>
<subfield code="b">I,</subfield>
<subfield code="c">King of Iraq,</subfield>
<subfield code="d">1885-1933.</subfield>
</datafield>
<datafield tag="600" ind1="0" ind2="7">
<subfield code="a">Faysal</subfield>
<subfield code="b">I,</subfield>
<subfield code="c">King of Iraq,</subfield>
<subfield code="d">1885-1933.</subfield>
<subfield code="2">fast</subfield>
<subfield code="0">(OCoLC)fst00270349</subfield>
</datafield>
<datafield tag="700" ind1="1" ind2=" ">
<subfield code="6">880-04</subfield>
<subfield code="a">Ẓabyān, Muḥammad Taysīr.</subfield>
</datafield>
<datafield tag="880" ind1="1" ind2=" ">
<subfield code="6">100-01/</subfield>
<subfield code="a">حمادة، محمد عابدين.</subfield>
</datafield>
<datafield tag="880" ind1="1" ind2="0">
<subfield code="6">245-02/</subfield>
<subfield code="a">فيصل بن الحسين من المهد الى اللحد :</subfield>
<subfield code="b">سجل عام لتاريخ القضية العربية وتطوراتها /</subfield>
<subfield code="c">وضع وتأليف محمد عابدين حمادة [و] محمد تيسير ظبيان.</subfield>
</datafield>
<datafield tag="880" ind1=" " ind2=" ">
<subfield code="6">260-03/</subfield>
<subfield code="a">دمشق :</subfield>
<subfield code="b">المطبعة العصرية،</subfield>
<subfield code="c">1933</subfield>
</datafield>
<datafield tag="880" ind1="1" ind2=" ">
<subfield code="6">700-04/</subfield>
<subfield code="a">ظبيان، محمد تيسير.</subfield>
</datafield>
<datafield tag="OWN" ind1=" " ind2=" ">
<subfield code="a">GENERAL</subfield>
</datafield>
<datafield tag="AVA" ind1=" " ind2=" ">
<subfield code="a">NYU50</subfield>
<subfield code="b">BOBST</subfield>
<subfield code="c">Main Collection</subfield>
<subfield code="d">DS79.5 .H3</subfield>
<subfield code="e">unavailable</subfield>
<subfield code="t">Unavailable</subfield>
<subfield code="f">1</subfield>
<subfield code="g">1</subfield>
<subfield code="h">Y</subfield>
<subfield code="i">0</subfield>
<subfield code="j">MAIN</subfield>
<subfield code="k">0</subfield>
</datafield>
</record>
